@Article{SEG_Y_r0,
  Title                    = {Recommended Standards for Digital Tape Formats},
  Author                   = {Barry, K. M. and Cavers, D. A. and Kneale, C. W.},
  Institution              = {Society of Exploration Geophysicists},
  Journal                  = {Geophysics},
  Year                     = {1975},
  Month                    = {{F}eb},
  Pages                    = {344-352},
  Volume                   = {40},
  Number                   = {2},
  DOI                      = {10.1190/1.1440530}
}

@TechReport{SEG_Y_r1,
  Type                     = {Standard},
  Title                    = {{SEG Y} {R}ev 1 {D}ata {E}xchange {F}ormat},
  Year                     = {2002},
  Month                    = {{M}ay},
  Editor                   = {Norris, Michael W. and Faichney, Alan K. },
  Author                   = {SEG Technical Standards Committee},
  Institution              = {Society of Exploration Geophysicists}
}

@TechReport{SEG_Y_r2,
  Type                     = {Standard},
  Title                    = {{SEG-Y} {R}ev 2 {D}ata {E}xchange {F}ormat},
  Year                     = {2017},
  Month                    = {{J}an},
  Editor                   = {Hagelund, Rune and Levin, Stewart A.},
  Author                   = {SEG Technical Standards Committee},
  Institution              = {Society of Exploration Geophysicists}
}

@Article{fft_1969,
  Title                    = {A Guided Tour of the Fast Fourier Transform},
  Author                   = {Bergland, G. D.},
  Year                     = {1969},
  Month                    = {{J}ul},
  Journal                  = {IEEE Spectrum},
  Volume                   = {6},
  Number                   = {7},
  Pages                    = {41-52},
  Keywords                 = {Fast Fourier transforms; Discrete Fourier transforms; Fourier transforms; Frequency; Costs; Telephony; Laboratories; Bridges; Time domain analysis; Linear systems},
  DOI                      = {10.1109/MSPEC.1969.5213896},
  ISSN                     = {1939-9340},
  URL                      = {http://hosting.astro.cornell.edu/~cordes/A6523/Bergland_Guided_Tour_FFT_1969.pdf}
}

@Article{tau_p_1980,
  Title                    = {A New Method for Slant Stacking Refraction Data},
  Author                   = {Henry, Marilee and Orcutt, John A. and Parker, Robert L.},
  Year                     = {1980},
  Month                    = {{D}ec},
  Journal                  = {Geophysical Research Letters},
  Volume                   = {7},
  Number                   = {12},
  Pages                    = {1073-1076},
  DOI                      = {10.1029/GL007i012p01073},
  URL                      = {https://agupubs.onlinelibrary.wiley.com/doi/abs/10.1029/GL007i012p01073}
}

@Article{SEG_2_1990,
  Title                    = {Recommended standard for seismic (/radar) data files in the personal computer environment},
  Author                   = {Pullan, Susan E.},
  Year                     = {1990},
  Month                    = {{S}ep},
  Journal                  = {Geophysics},
  Volume                   = {55},
  Number                   = {9},
  Pages                    = {1260-1271},
  DOI                      = {10.1190/1.1442942},
  URL                      = {https://seg.org/Portals/0/SEG/News%20and%20Resources/Technical%20Standards/seg_2.pdf}
}

@Article{Trehu1994,
  Title                    = {A note on the seafloor coupling characteristics of the new {ONR} ocean-bottom seismometer},
  Author                   = {Trehu, Anne M. and Sutton, George H.},
  Year                     = {1994},
  Month                    = {{A}pr},
  Journal                  = {Marine Geophysical Researches},
  Volume                   = {16},
  Number                   = {2},
  Pages                    = {91-103},
  ISSN                     = {1573-0581},
  DOI                      = {10.1007/BF01224755},
  URL                      = {https://doi.org/10.1007/BF01224755}
}

@Article{Stanghellini2002,
  Title                    = {Local‐trace zeroing and spike zeroing: Two short automated noise‐rejection routines to remove noise and spikes on seismic traces},
  Author                   = {Stanghellini, Giuseppe and Bonazzi, Claudia},
  Year                     = {2002},
  Month                    = {{F}eb},
  Journal                  = {Geophysics},
  Volume                   = {67},
  Number                   = {1},
  Pages                    = {188-196},
  ISSN                     = {0016-8033},
  DOI                      = {10.1190/1.1451510},
  URL                      = {https://doi.org/10.1190/1.1451510}
}

@Article{Brysk1983,
  Title                    = {Numerical analysis of the 45‐degree finite‐difference equation for migration},
  Author                   = {Brysk, Henry},
  Journal                  = {Geophysics},
  Volume                   = {48},
  Number                   = {5},
  Pages                    = {532-542},
  Year                     = {1983},
  ISSN                     = {0016-8033},
  DOI                      = {10.1190/1.1441484},
  URL                      = {https://doi.org/10.1190/1.1441484}
}

@Book{Claerbout1985,
  Author                   = {Claerbout, Jon F.},
  Title                    = {Imaging the Earth's Interior},
  Year                     = {1985},
  ISBN                     = {0865423040},
  Publisher                = {Blackwell Scientific Publications, Ltd.},
}

@Article{Taner1969,
  Title                    = {Velocity spectra - digital computer derivation and applications of velocity functions},
  Author                   = {Taner, M. Turhan and Koehler, Fulton},
  Journal                  = {Geophysics},
  Volume                   = {39},
  Number                   = {6},
  Pages                    = {859-881},
  Year                     = {1969},
  DOI                      = {10.1190/1.1440058},
  ISSN                     = {0016-8033},
  URL                      = {https://doi.org/10.1190/1.1440058}
}

@Article{Sherwood1972,
  Title                    = {Continuous velocity estimation and seismic wavelet processing},
  Author                   = {Sherwood, J. W. C. and Poe, P. H.},
  Journal                  = {Geophysics},
  Volume                   = {37},
  Number                   = {5},
  Pages                    = {769-787},
  Year                     = {1972},
  Doi                      = {10.1190/1.1440299},
  ISSN                     = {0016-8033},
  URL                      = {https://doi.org/10.1190/1.1440299}
}

@Article{Neidell1971,
  Author                   = {Neidell, N. S. and Taner, M. Turhan},
  Title                    = {Semblance and other coherency measures for multichannel data},
  Journal                  = {Geophysics},
  Volume                   = {36},
  Number                   = {3},
  Month                    = {{J}un},
  Pages                    = {482-497},
  Year                     = {1971},
  DOI                      = {10.1190/1.1440186},
  ISSN                     = {0016-8033},
  URL                      = {https://doi.org/10.1190/1.1440186}
}

@Book{WHPress1989a,
  Author                   = {Press, William H. and Teukolsky, S. and Vettering, W. and Flannery, B.},
  Title                    = {Numerical recipes in FORTRAN 77: the art of scientific computing},
  Year                     = {1989},
  ISBN                     = {0521383307},
  Publisher                = {Cambridge University Press}
}

@Article{Liner1990,
  Title                    = {General theory and comparative anatomy of dip moveout},
  Author                   = {Liner, Christopher L.},
  Journal                  = {Geophysics},
  Volume                   = {55},
  Number                   = {5},
  Pages                    = {595-607},
  Year                     = {1990},
  Month                    = {{M}ay},
  DOI                      = {10.1190/1.1442871},
  ISSN                     = {0016-8033},
  URL                      = {https://doi.org/10.1190/1.1442871}
}

@Article{Stoffa1990,
  Title                    = {Split‐step {F}ourier migration},
  Author                   = {Stoffa, P. L. and Fokkema, J. T. and de Luna Freire, R. M. and Kessinger, W. P.},
  Journal                  = {Geophysics},
  Volume                   = {55},
  Number                   = {4},
  Pages                    = {410-421},
  Year                     = {1990},
  Month                    = {{A}pr},
  DOI                      = {10.1190/1.1442850},
  ISSN                     = {0016-8033},
  URL                      = {https://doi.org/10.1190/1.1442850}
}

@Article{March1983,
  Title                    = {A Review of the Two-dimensional Transform and its use in seismic processing},
  Author                   = {March, D. W. and Bailey, A. D.},
  Journal                  = {First Break},
  Volume                   = {1},
  Number                   = {1},
  Pages                    = {9-21},
  Year                     = {1983},
  Month                    = {{J}an},
  DOI                      = {10.3997/1365-2397.1983001},
  URL                      = {http://old.earthdoc.org/publication/publicationdetails?publication=28053}
}

@Book{Yilmaz2001,
  Title                    = {Seismic Data Analysis},
  Author                   = {Yilmaz, {\"O}z},
  Address                  = {Tulsa, USA},
  DOI                      = {10.1190/1.9781560801580},
  Edition                  = {2 ed},
  howpublished             = {Hardcover},
  ISBN                     = {1560800941},
  Month                    = {{J}an},
  Publisher                = {Society Of Exploration Geophysicists},
  Series                   = {Investigations in Geophysics},
  URL                      = {http://dx.doi.org/10.1190/1.9781560801580},
  Volume                   = 10,
  Year                     = 2001
}


